date,id,price,qty,quoteQty,isBuyerMaker,isBestMatch
2020-08-03 22:04:18,373313903,11304.66000000,0.01037100,117.24062886,True,True
2020-08-03 22:04:18,373313904,11304.66000000,0.00398400,45.03776544,True,True
2020-08-03 22:04:18,373313905,11304.66000000,0.00001500,0.16956990,True,True
2020-08-03 22:04:18,373313906,11304.66000000,0.00457900,51.76403814,True,True
2020-08-03 22:04:18,373313907,11304.66000000,0.00001500,0.16956990,True,True
2020-08-03 22:04:18,373313908,11304.65000000,0.00101000,11.41769650,True,True
2020-08-03 22:04:18,373313909,11304.65000000,0.00456200,51.57181330,True,True
2020-08-03 22:04:18,373313910,11304.67000000,0.00681700,77.06393539,False,True
2020-08-03 22:04:18,373313911,11304.69000000,0.00365500,41.31864195,True,True
2020-08-03 22:04:19,373313912,11304.84000000,0.00365500,41.31919020,True,True
2020-08-03 22:04:19,373313913,11304.84000000,0.00188000,21.25309920,True,True
2020-08-03 22:04:19,373313914,11304.85000000,0.00121500,13.73539275,False,True
2020-08-03 22:04:19,373313915,11304.84000000,0.00873800,98.78169192,True,True
2020-08-03 22:04:19,373313916,11304.84000000,0.00639100,72.24923244,True,True
2020-08-03 22:04:19,373313917,11304.84000000,0.02897800,327.59165352,True,True
2020-08-03 22:04:19,373313918,11304.85000000,0.00025200,2.84882220,False,True
2020-08-03 22:04:19,373313919,11305.00000000,0.16230300,1834.83541500,False,True
2020-08-03 22:04:19,373313920,11305.13000000,0.00138600,15.66891018,False,True
2020-08-03 22:04:20,373313921,11305.12000000,0.03602800,407.30086336,True,True
2020-08-03 22:04:21,373313922,11305.12000000,0.00462500,52.28618000,True,True
2020-08-03 22:04:21,373313923,11305.13000000,0.00519400,58.71884522,False,True
2020-08-03 22:04:21,373313924,11305.33000000,0.00099300,11.22619269,True,True
2020-08-03 22:04:21,373313925,11305.34000000,0.00721400,81.55672276,False,True
2020-08-03 22:04:21,373313926,11305.33000000,0.02381700,269.25904461,True,True
2020-08-03 22:04:22,373313927,11305.34000000,0.00000100,0.01130534,False,True
2020-08-03 22:04:22,373313928,11305.55000000,0.00008800,0.99488840,False,True
2020-08-03 22:04:22,373313929,11305.66000000,0.05317700,601.20108182,False,True
2020-08-03 22:04:23,373313930,11305.49000000,0.01000000,113.05490000,True,True
2020-08-03 22:04:23,373313931,11305.49000000,0.00556800,62.94896832,True,True
2020-08-03 22:04:23,373313932,11305.49000000,0.13084400,1479.25553356,True,True
2020-08-03 22:04:23,373313933,11305.48000000,0.00666200,75.31710776,True,True
2020-08-03 22:04:23,373313934,11305.32000000,0.00653400,73.86896088,True,True
2020-08-03 22:04:23,373313935,11305.13000000,0.00539300,60.96856609,True,True
2020-08-03 22:04:23,373313936,11305.00000000,0.04499900,508.71369500,True,True
2020-08-03 22:04:23,373313937,11305.50000000,0.00707900,80.03163450,False,True
2020-08-03 22:04:23,373313938,11305.50000000,0.00709500,80.21252250,False,True
2020-08-03 22:04:23,373313939,11305.70000000,0.13263700,1499.55413090,False,True
2020-08-03 22:04:23,373313940,11305.75000000,0.00877500,99.20795625,False,True
2020-08-03 22:04:23,373313941,11305.86000000,0.00801300,90.59385618,False,True
2020-08-03 22:04:24,373313942,11305.24000000,0.00685700,77.52003068,True,True
2020-08-03 22:04:24,373313943,11305.24000000,0.00000700,0.07913668,True,True
2020-08-03 22:04:24,373313944,11305.00000000,0.01535500,173.58827500,True,True
2020-08-03 22:04:24,373313945,11305.00000000,0.02981900,337.10379500,True,True
2020-08-03 22:04:24,373313946,11305.00000000,0.09220500,1042.37752500,True,True
2020-08-03 22:04:24,373313947,11305.00000000,0.04612200,521.40921000,True,True
2020-08-03 22:04:24,373313948,11305.00000000,0.06988000,789.99340000,True,True
2020-08-03 22:04:24,373313949,11305.00000000,0.04612200,521.40921000,True,True
2020-08-03 22:04:24,373313950,11305.01000000,0.00184800,20.89165848,False,True
2020-08-03 22:04:24,373313951,11305.00000000,0.04608000,520.93440000,True,True
2020-08-03 22:04:24,373313952,11304.99000000,0.00678100,76.65913719,True,True
2020-08-03 22:04:24,373313953,11304.85000000,0.01898500,214.62257725,True,True
2020-08-03 22:04:24,373313954,11304.85000000,0.00104600,11.82487310,True,True
2020-08-03 22:04:24,373313955,11304.85000000,0.07500000,847.86375000,True,True
2020-08-03 22:04:25,373313956,11304.85000000,0.00918200,103.80113270,True,True
2020-08-03 22:04:25,373313957,11304.85000000,0.00956500,108.13089025,True,True
2020-08-03 22:04:25,373313958,11304.85000000,0.02873000,324.78834050,True,True
2020-08-03 22:04:25,373313959,11304.86000000,0.02082000,235.36718520,False,True
2020-08-03 22:04:25,373313960,11304.85000000,0.01146700,129.63271495,True,True
2020-08-03 22:04:25,373313961,11304.86000000,0.06007800,679.17337908,False,True
2020-08-03 22:04:25,373313962,11304.85000000,0.00001200,0.13565820,True,True
2020-08-03 22:04:25,373313963,11304.65000000,0.00034000,3.84358100,True,True
2020-08-03 22:04:25,373313964,11304.20000000,0.00043300,4.89471860,True,True
2020-08-03 22:04:25,373313965,11303.98000000,0.03445800,389.51254284,True,True
2020-08-03 22:04:25,373313966,11304.41000000,0.00737400,83.35871934,True,True
2020-08-03 22:04:26,373313967,11304.19000000,0.00661000,74.72069590,True,True
2020-08-03 22:04:27,373313968,11304.20000000,0.03568000,403.33385600,False,True
2020-08-03 22:04:27,373313969,11304.21000000,0.00654700,74.00866287,False,True
2020-08-03 22:04:27,373313970,11304.43000000,0.00734000,82.97451620,False,True
2020-08-03 22:04:27,373313971,11304.63000000,0.00964100,108.98793783,False,True
2020-08-03 22:04:27,373313972,11304.76000000,0.01571900,177.69952244,False,True
2020-08-03 22:04:27,373313973,11304.86000000,0.67820200,7666.97866172,False,True
2020-08-03 22:04:27,373313974,11304.53000000,0.00654300,73.96553979,False,True
2020-08-03 22:04:27,373313975,11304.86000000,0.05361200,606.07615432,False,True
2020-08-03 22:04:27,373313976,11304.62000000,0.00574000,64.88851880,True,True
2020-08-03 22:04:27,373313977,11304.62000000,0.00140400,15.87168648,True,True
2020-08-03 22:04:28,373313978,11304.63000000,0.04958500,560.54007855,False,True
2020-08-03 22:04:28,373313979,11304.63000000,0.00215000,24.30495450,False,True
2020-08-03 22:04:29,373313980,11304.63000000,0.06003300,678.65085279,False,True
2020-08-03 22:04:29,373313981,11304.62000000,0.00000400,0.04521848,True,True
2020-08-03 22:04:29,373313982,11304.62000000,0.00382300,43.21756226,True,True
2020-08-03 22:04:29,373313983,11304.51000000,0.00671500,75.90978465,True,True
2020-08-03 22:04:30,373313984,11304.51000000,0.00002600,0.29391726,True,True
2020-08-03 22:04:30,373313985,11304.49000000,0.00913500,103.26651615,True,True
2020-08-03 22:04:30,373313986,11304.19000000,0.00002800,0.31651732,True,True
2020-08-03 22:04:30,373313987,11304.09000000,0.00884600,99.99598014,True,True
2020-08-03 22:04:30,373313988,11304.03000000,0.01565600,176.97589368,True,True
2020-08-03 22:04:30,373313989,11304.00000000,0.23355500,2640.10572000,True,True
2020-08-03 22:04:30,373313990,11303.96000000,0.04425300,500.23414188,True,True
2020-08-03 22:04:30,373313991,11303.96000000,0.05744300,649.33337428,True,True
2020-08-03 22:04:30,373313992,11304.25000000,0.00657600,74.33674800,True,True
2020-08-03 22:04:30,373313993,11304.25000000,0.00057200,6.46603100,True,True
2020-08-03 22:04:30,373313994,11303.97000000,0.01479800,167.27614806,True,True
2020-08-03 22:04:30,373313995,11303.96000000,0.04431700,500.95759532,True,True
2020-08-03 22:04:30,373313996,11303.96000000,0.00473400,53.51294664,True,True
2020-08-03 22:04:30,373313997,11303.96000000,0.02770000,313.11969200,True,True
2020-08-03 22:04:30,373313998,11303.96000000,0.02770000,313.11969200,True,True
2020-08-03 22:04:30,373313999,11303.96000000,0.11362900,1284.45767084,True,True
2020-08-03 22:04:30,373314000,11303.96000000,0.00002400,0.27129504,True,True
2020-08-03 22:04:30,373314001,11303.94000000,0.00650900,73.57734546,True,True
2020-08-03 22:04:30,373314002,11303.92000000,0.00305900,34.57869128,True,True
2020-08-03 22:04:30,373314003,11303.96000000,0.00797900,90.19429684,False,True
2020-08-03 22:04:30,373314004,11303.91000000,0.00956800,108.15581088,True,True
2020-08-03 22:04:30,373314005,11303.92000000,0.00608900,68.82956888,True,True
2020-08-03 22:04:31,373314006,11303.86000000,0.00668000,75.50978480,True,True
2020-08-03 22:04:31,373314007,11303.96000000,0.00097400,11.01005704,False,True
2020-08-03 22:04:31,373314008,11304.10000000,0.06001300,678.39295330,False,True
2020-08-03 22:04:31,373314009,11304.08000000,0.21163400,2392.32766672,True,True
2020-08-03 22:04:31,373314010,11304.08000000,0.21146000,2390.36075680,True,True
2020-08-03 22:04:32,373314011,11304.09000000,0.00391600,44.26681644,True,True
2020-08-03 22:04:32,373314012,11304.08000000,0.11984500,1354.73746760,True,True
2020-08-03 22:04:32,373314013,11304.08000000,0.02755400,311.47262032,True,True
2020-08-03 22:04:33,373314014,11304.12000000,0.00743200,84.01221984,False,True
2020-08-03 22:04:33,373314015,11304.27000000,0.00706100,79.81945047,False,True
2020-08-03 22:04:33,373314016,11304.61000000,0.00623400,70.47293874,False,True
2020-08-03 22:04:33,373314017,11304.64000000,0.00687200,77.68548608,False,True
2020-08-03 22:04:33,373314018,11304.76000000,0.03278100,370.58133756,False,True
2020-08-03 22:04:33,373314019,11304.41000000,0.00727700,82.26219157,True,True
2020-08-03 22:04:33,373314020,11304.11000000,0.00664100,75.07059451,True,True
2020-08-03 22:04:33,373314021,11303.86000000,0.00000600,0.06782316,True,True
2020-08-03 22:04:33,373314022,11303.57000000,0.00062500,7.06473125,True,True
2020-08-03 22:04:33,373314023,11304.13000000,0.00691800,78.20197134,False,True
2020-08-03 22:04:33,373314024,11304.39000000,0.05007400,566.05602486,False,True
2020-08-03 22:04:33,373314025,11303.99000000,0.00745200,84.23733348,False,True
2020-08-03 22:04:33,373314026,11304.39000000,0.02254800,254.89138572,False,True
2020-08-03 22:04:33,373314027,11304.39000000,0.04410100,498.53490339,False,True
2020-08-03 22:04:33,373314028,11304.43000000,0.00713100,80.61189033,False,True
2020-08-03 22:04:33,373314029,11304.76000000,0.23363200,2641.15368832,False,True
2020-08-03 22:04:33,373314030,11304.20000000,0.00731800,82.72413560,False,True
2020-08-03 22:04:33,373314031,11304.38000000,0.00013400,1.51478692,False,True
2020-08-03 22:04:33,373314032,11304.38000000,0.00691800,78.20370084,False,True
2020-08-03 22:04:33,373314033,11304.16000000,0.00714000,80.71170240,True,True
2020-08-03 22:04:33,373314034,11304.17000000,0.00155500,17.57798435,False,True
2020-08-03 22:04:33,373314035,11304.16000000,0.00000400,0.04521664,True,True
2020-08-03 22:04:33,373314036,11303.97000000,0.00654600,73.99578762,True,True
2020-08-03 22:04:33,373314037,11303.97000000,0.00001000,0.11303970,True,True
2020-08-03 22:04:33,373314038,11303.60000000,0.00952200,107.63287920,True,True
2020-08-03 22:04:33,373314039,11303.57000000,0.00525100,59.35504607,True,True
2020-08-03 22:04:33,373314040,11303.04000000,0.01920800,217.10879232,True,True
2020-08-03 22:04:33,373314041,11303.00000000,0.02664700,301.19104100,True,True
2020-08-03 22:04:33,373314042,11302.88000000,0.23328300,2636.76975504,True,True
2020-08-03 22:04:33,373314043,11302.88000000,0.09784800,1105.96420224,True,True
2020-08-03 22:04:34,373314044,11302.88000000,0.11123400,1257.26455392,True,True
2020-08-03 22:04:34,373314045,11301.40000000,0.04387200,495.81502080,True,True
2020-08-03 22:04:34,373314046,11301.41000000,0.10000000,1130.14100000,False,True
2020-08-03 22:04:34,373314047,11300.92000000,0.14297800,1615.78293976,False,True
2020-08-03 22:04:34,373314048,11301.39000000,0.17682200,1998.33438258,False,True
2020-08-03 22:04:34,373314049,11300.92000000,0.00574000,64.86728080,False,True
2020-08-03 22:04:34,373314050,11300.91000000,0.00709700,80.20255827,True,True
2020-08-03 22:04:34,373314051,11300.54000000,0.00198100,22.38636974,True,True
2020-08-03 22:04:34,373314052,11300.52000000,0.00706200,79.80427224,True,True
2020-08-03 22:04:34,373314053,11300.07000000,0.00686700,77.59758069,True,True
2020-08-03 22:04:34,373314054,11299.74000000,0.00347600,39.27789624,True,True
2020-08-03 22:04:34,373314055,11299.67000000,0.01351700,152.73763939,True,True
2020-08-03 22:04:34,373314056,11300.49000000,0.00722100,81.60083829,True,True
2020-08-03 22:04:34,373314057,11300.02000000,0.03697900,417.86343958,True,True
2020-08-03 22:04:34,373314058,11300.25000000,0.00744300,84.10776075,True,True
2020-08-03 22:04:34,373314059,11299.71000000,0.00653600,73.85490456,True,True
2020-08-03 22:04:34,373314060,11299.67000000,0.03648300,412.24586061,True,True
2020-08-03 22:04:34,373314061,11299.52000000,0.00682400,77.10792448,True,True
2020-08-03 22:04:34,373314062,11299.46000000,0.00279700,31.60458962,True,True
2020-08-03 22:04:34,373314063,11300.23000000,0.04596800,519.44897264,False,True
2020-08-03 22:04:34,373314064,11299.84000000,0.00674600,76.22872064,True,True
2020-08-03 22:04:34,373314065,11299.46000000,0.04325400,488.74684284,True,True
2020-08-03 22:04:34,373314066,11299.85000000,0.04422500,499.73586625,False,True
2020-08-03 22:04:34,373314067,11299.84000000,0.00487700,55.10931968,True,True
2020-08-03 22:04:34,373314068,11299.64000000,0.00679500,76.78105380,True,True
2020-08-03 22:04:34,373314069,11299.46000000,0.02459900,277.95541654,True,True
2020-08-03 22:04:34,373314070,11299.32000000,0.00666400,75.29866848,True,True
2020-08-03 22:04:34,373314071,11299.27000000,0.05706500,644.79284255,True,True
2020-08-03 22:04:34,373314072,11299.24000000,0.00550600,62.21361544,False,True
2020-08-03 22:04:34,373314073,11299.24000000,0.00134600,15.20877704,False,True
2020-08-03 22:04:34,373314074,11299.85000000,0.00385500,43.56092175,False,True
2020-08-03 22:04:34,373314075,11299.26000000,0.09922300,1121.14647498,True,True
2020-08-03 22:04:34,373314076,11299.55000000,0.00658800,74.44143540,False,True
2020-08-03 22:04:34,373314077,11299.83000000,0.08938400,1010.02400472,False,True
2020-08-03 22:04:34,373314078,11299.53000000,0.00688800,77.83116264,True,True
2020-08-03 22:04:35,373314079,11299.54000000,0.47831400,5404.72817556,False,True
2020-08-03 22:04:35,373314080,11299.54000000,0.03463700,391.38216698,False,True
2020-08-03 22:04:35,373314081,11299.54000000,0.00583600,65.94411544,False,True
2020-08-03 22:04:35,373314082,11299.54000000,0.02174200,245.67459868,False,True
2020-08-03 22:04:35,373314083,11299.54000000,0.00502000,56.72369080,False,True
2020-08-03 22:04:36,373314084,11299.54000000,0.09242400,1044.34868496,False,True
2020-08-03 22:04:36,373314085,11299.53000000,0.00034300,3.87573879,True,True
2020-08-03 22:04:36,373314086,11299.26000000,0.01493800,168.78834588,True,True
2020-08-03 22:04:36,373314087,11299.40000000,0.00546300,61.72862220,False,True
2020-08-03 22:04:36,373314088,11299.39000000,0.00248500,28.07898415,True,True
2020-08-03 22:04:36,373314089,11299.39000000,0.00428300,48.39528737,True,True
2020-08-03 22:04:39,373314090,11299.39000000,0.00000200,0.02259878,True,True
2020-08-03 22:04:39,373314091,11299.26000000,0.01620500,183.10450830,True,True
2020-08-03 22:04:39,373314092,11299.26000000,0.30356100,3430.01466486,True,True
2020-08-03 22:04:39,373314093,11299.26000000,0.00003400,0.38417484,True,True
2020-08-03 22:04:39,373314094,11299.22000000,0.00682900,77.16237338,True,True
2020-08-03 22:04:39,373314095,11298.47000000,0.01424900,160.99189903,True,True
2020-08-03 22:04:39,373314096,11298.87000000,0.00595400,67.27347198,False,True
2020-08-03 22:04:39,373314097,11298.86000000,0.00709700,80.18800942,True,True
2020-08-03 22:04:40,373314098,11298.87000000,0.02300000,259.87401000,False,True
2020-08-03 22:04:41,373314099,11298.86000000,0.00003300,0.37286238,True,True
2020-08-03 22:04:41,373314100,11298.86000000,0.22817900,2578.16257594,True,True
2020-08-03 22:04:41,373314101,11298.87000000,0.00113300,12.80161971,False,True
2020-08-03 22:04:41,373314102,11298.86000000,0.00208700,23.58072082,True,True
2020-08-03 22:04:41,373314103,11298.56000000,0.00455600,51.47623936,False,True
2020-08-03 22:04:41,373314104,11298.54000000,0.00716200,80.92014348,True,True
2020-08-03 22:04:41,373314105,11298.23000000,0.03432600,387.82304298,True,True
2020-08-03 22:04:42,373314106,11298.38000000,0.00671400,75.85732332,True,True
2020-08-03 22:04:42,373314107,11298.38000000,0.00000200,0.02259676,True,True
2020-08-03 22:04:42,373314108,11298.23000000,0.05413800,611.66357574,True,True
2020-08-03 22:04:42,373314109,11298.13000000,0.00690300,77.99099139,True,True
2020-08-03 22:04:42,373314110,11298.07000000,0.05000000,564.90350000,True,True
2020-08-03 22:04:42,373314111,11297.66000000,0.00768400,86.81121944,True,True
2020-08-03 22:04:42,373314112,11297.42000000,0.00575400,65.00535468,True,True
2020-08-03 22:04:42,373314113,11297.26000000,0.01657100,187.20689546,True,True
2020-08-03 22:04:42,373314114,11297.08000000,0.09762000,1102.82094960,True,True
2020-08-03 22:04:42,373314115,11296.89000000,0.02330300,263.25142767,True,True
2020-08-03 22:04:42,373314116,11296.88000000,0.00711200,80.34341056,True,True
2020-08-03 22:04:42,373314117,11296.75000000,0.13091300,1478.89143275,True,True
2020-08-03 22:04:42,373314118,11297.56000000,0.00650600,73.50192536,True,True
2020-08-03 22:04:42,373314119,11297.57000000,0.00285200,32.22066964,False,True
2020-08-03 22:04:43,373314120,11297.57000000,0.00509400,57.54982158,False,True
2020-08-03 22:04:43,373314121,11297.57000000,0.00106000,11.97542420,False,True
2020-08-03 22:04:43,373314122,11297.56000000,0.00002800,0.31633168,True,True
2020-08-03 22:04:43,373314123,11297.56000000,0.04999600,564.83280976,True,True
2020-08-03 22:04:43,373314124,11297.57000000,0.00586000,66.20376020,False,True
2020-08-03 22:04:43,373314125,11297.36000000,0.12454000,1406.97321440,True,True
2020-08-03 22:04:43,373314126,11297.36000000,0.00000800,0.09037888,True,True
2020-08-03 22:04:43,373314127,11296.85000000,0.22361200,2526.11122220,True,True
2020-08-03 22:04:43,373314128,11297.20000000,0.00677200,76.50463840,True,True
2020-08-03 22:04:43,373314129,11296.85000000,0.01756400,198.41787340,True,True
2020-08-03 22:04:43,373314130,11297.22000000,0.00109600,12.38175312,False,True
2020-08-03 22:04:43,373314131,11297.04000000,0.00692100,78.18681384,False,True
2020-08-03 22:04:44,373314132,11297.02000000,0.00699700,79.04524894,True,True
2020-08-03 22:04:44,373314133,11296.85000000,0.01000300,113.00239055,True,True
2020-08-03 22:04:44,373314134,11297.04000000,0.00004600,0.51966384,False,True
2020-08-03 22:04:44,373314135,11297.22000000,0.00092700,10.47252294,False,True
2020-08-03 22:04:44,373314136,11297.22000000,0.00482800,54.54297816,False,True
2020-08-03 22:04:44,373314137,11297.58000000,0.00744400,84.09918552,False,True
2020-08-03 22:04:44,373314138,11297.22000000,0.00104600,11.81689212,False,True
2020-08-03 22:04:44,373314139,11297.20000000,0.00678100,76.60631320,True,True
2020-08-03 22:04:44,373314140,11297.22000000,0.00643600,72.70890792,False,True
2020-08-03 22:04:44,373314141,11297.35000000,0.00741800,83.80374230,True,True
2020-08-03 22:04:45,373314142,11297.37000000,0.11066400,1250.21215368,False,True
2020-08-03 22:04:45,373314143,11297.36000000,0.25574500,2889.24333320,True,True
2020-08-03 22:04:45,373314144,11297.36000000,0.00548000,61.90953280,True,True
2020-08-03 22:04:45,373314145,11297.36000000,0.17919400,2024.41912784,True,True
2020-08-03 22:04:45,373314146,11297.36000000,0.06013400,679.35544624,True,True
2020-08-03 22:04:45,373314147,11297.37000000,0.02206100,249.23127957,False,True
2020-08-03 22:04:45,373314148,11297.40000000,0.00663000,74.90176200,False,True
2020-08-03 22:04:46,373314149,11297.37000000,0.06122800,691.71537036,True,True
2020-08-03 22:04:46,373314150,11297.36000000,0.07428700,839.24698232,True,True
2020-08-03 22:04:47,373314151,11297.35000000,0.00000100,0.01129735,True,True
2020-08-03 22:04:47,373314152,11297.20000000,0.00002400,0.27113280,True,True
2020-08-03 22:04:47,373314153,11296.60000000,0.00850500,96.07758300,True,True
2020-08-03 22:04:47,373314154,11296.46000000,0.06231700,703.96149782,True,True
2020-08-03 22:04:47,373314155,11296.90000000,0.00729800,82.44477620,True,True
2020-08-03 22:04:48,373314156,11296.90000000,0.00005600,0.63262640,True,True
2020-08-03 22:04:48,373314157,11296.55000000,0.00648700,73.28071985,True,True
2020-08-03 22:04:48,373314158,11296.55000000,0.00014700,1.66059285,True,True
2020-08-03 22:04:48,373314159,11296.22000000,0.23707500,2678.05135650,True,True
2020-08-03 22:04:48,373314160,11296.22000000,0.01534600,173.35179212,True,True
2020-08-03 22:04:48,373314161,11296.22000000,0.06737900,761.12800738,True,True
2020-08-03 22:04:48,373314162,11296.21000000,0.00687100,77.61625891,True,True
2020-08-03 22:04:48,373314163,11295.73000000,0.00265600,30.00145888,True,True
2020-08-03 22:04:48,373314164,11295.73000000,0.03041000,343.50314930,True,True
2020-08-03 22:04:48,373314165,11295.74000000,0.02859200,322.96779808,False,True
2020-08-03 22:04:48,373314166,11295.73000000,0.01528700,172.67782451,True,True
2020-08-03 22:04:48,373314167,11295.74000000,0.13413000,1515.09760620,False,True
2020-08-03 22:04:49,373314168,11295.74000000,0.00313000,35.35566620,False,True
2020-08-03 22:04:49,373314169,11295.73000000,0.04906300,554.20240099,True,True
2020-08-03 22:04:49,373314170,11295.74000000,0.00518600,58.57970764,False,True
2020-08-03 22:04:49,373314171,11295.74000000,0.03756700,424.34706458,False,True
2020-08-03 22:04:49,373314172,11295.74000000,0.06569300,742.05104782,False,True
2020-08-03 22:04:49,373314173,11295.73000000,0.00019400,2.19137162,True,True
2020-08-03 22:04:49,373314174,11295.72000000,0.00675200,76.26870144,True,True
2020-08-03 22:04:49,373314175,11295.31000000,0.06326500,714.59778715,True,True
2020-08-03 22:04:49,373314176,11295.67000000,0.00115500,13.04649885,False,True
2020-08-03 22:04:49,373314177,11295.33000000,0.04663100,526.71253323,True,True
2020-08-03 22:04:49,373314178,11295.33000000,0.01378700,155.72871471,True,True
2020-08-03 22:04:49,373314179,11295.67000000,0.00347400,39.24115758,False,True
2020-08-03 22:04:50,373314180,11295.52000000,0.00991600,112.00637632,False,True
2020-08-03 22:04:50,373314181,11295.51000000,0.00441300,49.84708563,True,True
2020-08-03 22:04:50,373314182,11295.51000000,0.00243300,27.48197583,True,True
2020-08-03 22:04:52,373314183,11295.51000000,0.00003700,0.41793387,True,True
2020-08-03 22:04:52,373314184,11295.32000000,0.00525400,59.34561128,False,True
2020-08-03 22:04:52,373314185,11295.32000000,0.00142700,16.11842164,False,True
2020-08-03 22:04:52,373314186,11295.32000000,0.03192600,360.61438632,False,True
2020-08-03 22:04:52,373314187,11295.32000000,0.00795800,89.88815656,False,True
2020-08-03 22:04:52,373314188,11295.31000000,0.00091500,10.33520865,True,True
2020-08-03 22:04:53,373314189,11295.31000000,0.33733000,3810.24692230,True,True
2020-08-03 22:04:53,373314190,11295.31000000,0.00002300,0.25979213,True,True
2020-08-03 22:04:53,373314191,11295.30000000,0.00737900,83.34801870,True,True
2020-08-03 22:04:54,373314192,11295.19000000,0.00442400,49.96992056,False,True
2020-08-03 22:04:54,373314193,11295.19000000,0.00650000,73.41873500,False,True
2020-08-03 22:04:54,373314194,11295.19000000,0.01930000,217.99716700,False,True
2020-08-03 22:04:54,373314195,11295.18000000,0.00616300,69.61219434,True,True
2020-08-03 22:04:54,373314196,11295.18000000,0.00699000,78.95330820,True,True
2020-08-03 22:04:55,373314197,11295.18000000,0.00243400,27.49246812,True,True
2020-08-03 22:04:55,373314198,11295.18000000,0.00319900,36.13328082,True,True
2020-08-03 22:04:55,373314199,11295.19000000,0.00144900,16.36673031,False,True
2020-08-03 22:04:55,373314200,11295.19000000,0.01558400,176.02424096,False,True
2020-08-03 22:04:55,373314201,11295.18000000,0.00003100,0.35015058,True,True
2020-08-03 22:04:55,373314202,11295.18000000,0.00401500,45.35014770,True,True
2020-08-03 22:04:55,373314203,11294.11000000,0.00210800,23.80798388,True,True
2020-08-03 22:04:55,373314204,11294.66000000,0.00175000,19.76565500,False,True
2020-08-03 22:04:55,373314205,11294.66000000,0.00175000,19.76565500,False,True
2020-08-03 22:04:56,373314206,11294.66000000,0.00337800,38.15336148,False,True
2020-08-03 22:04:56,373314207,11294.66000000,0.00402200,45.42712252,False,True
2020-08-03 22:04:56,373314208,11294.65000000,0.09652500,1090.21609125,True,True
2020-08-03 22:04:56,373314209,11294.66000000,0.02692900,304.15389914,False,True
2020-08-03 22:04:56,373314210,11294.93000000,0.00713600,80.60062048,False,True
2020-08-03 22:04:56,373314211,11295.18000000,0.00207500,23.43749850,False,True
2020-08-03 22:04:56,373314212,11295.18000000,0.00513400,57.98945412,False,True
2020-08-03 22:04:56,373314213,11295.19000000,0.00675800,76.33289402,False,True
2020-08-03 22:04:56,373314214,11295.29000000,0.10289500,1162.22886455,False,True
2020-08-03 22:04:56,373314215,11295.28000000,0.00377400,42.62838672,True,True
2020-08-03 22:04:56,373314216,11295.29000000,0.00189000,21.34809810,False,True
2020-08-03 22:04:57,373314217,11295.53000000,0.00131300,14.83103089,False,True
2020-08-03 22:04:57,373314218,11295.52000000,0.02433900,274.92166128,True,True
2020-08-03 22:04:57,373314219,11295.52000000,0.00707500,79.91580400,True,True
2020-08-03 22:04:58,373314220,11295.53000000,0.00386500,43.65722345,False,True
2020-08-03 22:04:58,373314221,11295.53000000,0.00100000,11.29553000,False,True
2020-08-03 22:04:58,373314222,11295.52000000,0.02246200,253.71997024,True,True
2020-08-03 22:04:58,373314223,11295.52000000,0.01255800,141.84914016,True,True
2020-08-03 22:04:58,373314224,11295.52000000,0.08852300,999.91331696,True,True
2020-08-03 22:04:59,373314225,11294.93000000,0.00591100,66.76433123,True,True
2020-08-03 22:04:59,373314226,11295.24000000,0.00657400,74.25490776,False,True
2020-08-03 22:04:59,373314227,11295.53000000,0.00095000,10.73075350,False,True
2020-08-03 22:04:59,373314228,11295.75000000,0.00632700,71.46821025,False,True
2020-08-03 22:04:59,373314229,11295.98000000,0.00737900,83.35303642,False,True
2020-08-03 22:04:59,373314230,11296.25000000,0.01844500,208.35933125,False,True
2020-08-03 22:04:59,373314231,11296.38000000,0.10227400,1155.32596812,False,True
2020-08-03 22:04:59,373314232,11296.39000000,0.09571500,1081.23396885,False,True
2020-08-03 22:04:59,373314233,11296.40000000,0.00655300,74.02530920,False,True
2020-08-03 22:04:59,373314234,11296.45000000,0.01934700,218.55241815,False,True
2020-08-03 22:04:59,373314235,11295.23000000,0.05681300,641.71590199,True,True
2020-08-03 22:04:59,373314236,11295.23000000,0.00313700,35.43313651,True,True
2020-08-03 22:05:00,373314237,11295.41000000,0.00691000,78.05128310,True,True
2020-08-03 22:05:00,373314238,11295.41000000,0.00000300,0.03388623,True,True
2020-08-03 22:05:00,373314239,11295.22000000,0.00697700,78.80674994,True,True
2020-08-03 22:05:00,373314240,11295.22000000,0.00001200,0.13554264,True,True
2020-08-03 22:05:00,373314241,11294.78000000,0.00689000,77.82103420,True,True
2020-08-03 22:05:00,373314242,11294.72000000,0.01770100,199.92783872,True,True
2020-08-03 22:05:00,373314243,11294.64000000,0.00730800,82.54122912,True,True
2020-08-03 22:05:00,373314244,11294.64000000,0.00695500,78.55422120,True,True
2020-08-03 22:05:00,373314245,11294.11000000,0.00468100,52.86772891,True,True
2020-08-03 22:05:00,373314246,11294.10000000,0.00201800,22.79149380,True,True
2020-08-03 22:05:00,373314247,11293.74000000,0.00796500,89.95463910,True,True
2020-08-03 22:05:00,373314248,11293.62000000,0.31980000,3611.69967600,True,True
2020-08-03 22:05:00,373314249,11293.59000000,0.00682000,77.02228380,True,True
2020-08-03 22:05:00,373314250,11293.25000000,0.00000600,0.06775950,True,True
2020-08-03 22:05:00,373314251,11293.25000000,0.00201900,22.80107175,True,True
2020-08-03 22:05:00,373314252,11293.22000000,0.01782500,201.30164650,True,True
2020-08-03 22:05:01,373314253,11293.23000000,0.00501400,56.62425522,False,True
2020-08-03 22:05:01,373314254,11293.13000000,0.01431000,161.60469030,True,True
2020-08-03 22:05:01,373314255,11292.78000000,0.03500000,395.24730000,False,True
2020-08-03 22:05:01,373314256,11292.77000000,0.00184300,20.81257511,True,True
2020-08-03 22:05:01,373314257,11292.78000000,0.00319600,36.09172488,False,True
2020-08-03 22:05:01,373314258,11292.77000000,0.00490400,55.37974408,True,True
2020-08-03 22:05:01,373314259,11292.76000000,0.00683600,77.19730736,True,True
2020-08-03 22:05:01,373314260,11292.01000000,0.00736400,83.15436164,True,True
2020-08-03 22:05:01,373314261,11291.52000000,0.00748200,84.48315264,True,True
2020-08-03 22:05:01,373314262,11291.43000000,0.00110000,12.42057300,True,True
2020-08-03 22:05:01,373314263,11291.09000000,0.01537700,173.62309093,True,True
2020-08-03 22:05:01,373314264,11291.05000000,0.01803200,203.60021360,True,True
2020-08-03 22:05:01,373314265,11291.05000000,0.00134300,15.16388015,True,True
2020-08-03 22:05:01,373314266,11291.07000000,0.50000000,5645.53500000,False,True
2020-08-03 22:05:01,373314267,11291.06000000,0.00507600,57.31342056,True,True
2020-08-03 22:05:01,373314268,11291.06000000,0.00957300,108.08931738,True,True
2020-08-03 22:05:01,373314269,11291.05000000,0.08062500,910.34090625,True,True
2020-08-03 22:05:01,373314270,11291.05000000,0.00680900,76.88075945,True,True
2020-08-03 22:05:01,373314271,11290.60000000,0.02710000,305.97526000,True,True
2020-08-03 22:05:01,373314272,11290.61000000,0.00522600,59.00472786,False,True
2020-08-03 22:05:01,373314273,11290.60000000,0.00000200,0.02258120,True,True
2020-08-03 22:05:01,373314274,11290.59000000,0.00669800,75.62437182,True,True
2020-08-03 22:05:01,373314275,11290.59000000,0.00000300,0.03387177,True,True
2020-08-03 22:05:01,373314276,11290.35000000,0.00663300,74.88889155,True,True
2020-08-03 22:05:01,373314277,11289.87000000,0.02657200,299.99442564,True,True
2020-08-03 22:05:01,373314278,11289.86000000,0.00728900,82.29178954,True,True
2020-08-03 22:05:01,373314279,11289.67000000,0.00090100,10.17199267,True,True
2020-08-03 22:05:01,373314280,11289.65000000,0.00677700,76.50995805,True,True
2020-08-03 22:05:01,373314281,11289.47000000,0.00727400,82.11960478,True,True
2020-08-03 22:05:01,373314282,11289.28000000,0.00685100,77.34285728,True,True
2020-08-03 22:05:01,373314283,11289.20000000,0.00971200,109.64071040,True,True
2020-08-03 22:05:01,373314284,11289.29000000,0.31802400,3590.26516296,False,True
2020-08-03 22:05:01,373314285,11289.22000000,0.00412900,46.61318938,True,True
2020-08-03 22:05:01,373314286,11289.22000000,0.08453000,954.27776660,True,True
2020-08-03 22:05:01,373314287,11289.20000000,0.02278800,257.25828960,True,True
2020-08-03 22:05:01,373314288,11289.07000000,0.00651200,73.51442384,True,True
2020-08-03 22:05:01,373314289,11288.78000000,0.00475900,53.72330402,True,True
2020-08-03 22:05:01,373314290,11288.45000000,0.02500000,282.21125000,True,True
2020-08-03 22:05:01,373314291,11288.44000000,0.02295200,259.09227488,True,True
2020-08-03 22:05:01,373314292,11288.25000000,0.00016000,1.80612000,True,True
2020-08-03 22:05:01,373314293,11287.80000000,0.24817000,2801.29332600,True,True
2020-08-03 22:05:01,373314294,11287.80000000,0.33500000,3781.41300000,True,True
2020-08-03 22:05:01,373314295,11287.80000000,0.25100000,2833.23780000,True,True
2020-08-03 22:05:01,373314296,11287.80000000,0.16583000,1871.85587400,True,True
2020-08-03 22:05:01,373314297,11287.70000000,0.00674200,76.10167340,True,True
2020-08-03 22:05:01,373314298,11287.19000000,0.00709300,80.06003867,True,True
2020-08-03 22:05:01,373314299,11286.84000000,0.00106100,11.97533724,True,True
2020-08-03 22:05:01,373314300,11286.67000000,0.07677000,866.47765590,True,True
2020-08-03 22:05:01,373314301,11286.65000000,0.00944500,106.60240925,True,True
2020-08-03 22:05:01,373314302,11286.39000000,0.04005900,452.12149701,True,True
2020-08-03 22:05:01,373314303,11286.39000000,0.00134500,15.18019455,True,True
2020-08-03 22:05:01,373314304,11286.66000000,0.03469800,391.62452868,False,True
2020-08-03 22:05:02,373314305,11287.67000000,0.09140200,1031.71561334,False,True
2020-08-03 22:05:02,373314306,11287.66000000,0.03875200,437.41940032,False,True
2020-08-03 22:05:02,373314307,11287.66000000,0.03875200,437.41940032,False,True
2020-08-03 22:05:02,373314308,11287.66000000,0.03875200,437.41940032,False,True
2020-08-03 22:05:02,373314309,11287.66000000,0.03875200,437.41940032,False,True
2020-08-03 22:05:02,373314310,11287.66000000,0.03875200,437.41940032,False,True
2020-08-03 22:05:02,373314311,11287.66000000,0.03875200,437.41940032,False,True
2020-08-03 22:05:02,373314312,11287.66000000,0.03875200,437.41940032,False,True
2020-08-03 22:05:02,373314313,11287.65000000,0.00715800,80.79699870,True,True
2020-08-03 22:05:02,373314314,11286.44000000,0.01648700,186.07953628,True,True
2020-08-03 22:05:02,373314315,11287.06000000,0.00742100,83.76127226,False,True
2020-08-03 22:05:02,373314316,11287.36000000,0.00738600,83.36844096,False,True
2020-08-03 22:05:02,373314317,11287.64000000,0.03136600,354.04811624,False,True
2020-08-03 22:05:02,373314318,11287.64000000,0.03875200,437.41862528,False,True
2020-08-03 22:05:02,373314319,11287.64000000,0.02077900,234.54587156,False,True
2020-08-03 22:05:02,373314320,11287.64000000,0.03875200,437.41862528,False,True
2020-08-03 22:05:02,373314321,11287.64000000,0.03875200,437.41862528,False,True
2020-08-03 22:05:02,373314322,11287.64000000,0.03875200,437.41862528,False,True
2020-08-03 22:05:02,373314323,11287.64000000,0.03875200,437.41862528,False,True
2020-08-03 22:05:02,373314324,11287.64000000,0.03875200,437.41862528,False,True
2020-08-03 22:05:02,373314325,11287.52000000,0.03469800,391.65436896,False,True
2020-08-03 22:05:02,373314326,11287.52000000,0.13271600,1498.03450432,False,True
2020-08-03 22:05:02,373314327,11287.34000000,0.00727200,82.08153648,True,True
2020-08-03 22:05:02,373314328,11287.06000000,0.03133100,353.63487686,True,True
2020-08-03 22:05:02,373314329,11287.06000000,0.02146500,242.27674290,True,True
2020-08-03 22:05:02,373314330,11287.50000000,0.03469800,391.65367500,False,True
2020-08-03 22:05:02,373314331,11287.50000000,0.49555300,5593.55448750,False,True
2020-08-03 22:05:02,373314332,11287.07000000,0.10550900,1190.88746863,False,True
2020-08-03 22:05:02,373314333,11287.07000000,0.03500000,395.04745000,False,True
2020-08-03 22:05:02,373314334,11287.06000000,0.00832800,93.99863568,True,True
2020-08-03 22:05:02,373314335,11287.07000000,0.08485500,957.76432485,False,True
2020-08-03 22:05:02,373314336,11287.06000000,0.00895900,101.12077054,True,True
2020-08-03 22:05:02,373314337,11287.04000000,0.00729300,82.31638272,True,True
2020-08-03 22:05:02,373314338,11285.28000000,0.00440000,49.65523200,True,True
2020-08-03 22:05:02,373314339,11285.02000000,0.00688200,77.66350764,True,True
2020-08-03 22:05:02,373314340,11285.01000000,0.02000000,225.70020000,True,True
2020-08-03 22:05:02,373314341,11284.62000000,0.00713600,80.52704832,True,True
2020-08-03 22:05:02,373314342,11284.05000000,0.00564300,63.67589415,True,True
2020-08-03 22:05:02,373314343,11286.94000000,0.01935800,218.49258452,False,True
2020-08-03 22:05:02,373314344,11286.94000000,0.02937600,331.56514944,False,True
2020-08-03 22:05:02,373314345,11286.94000000,0.00460000,51.91992400,False,True
2020-08-03 22:05:02,373314346,11286.93000000,0.00668500,75.45312705,True,True
2020-08-03 22:05:02,373314347,11286.50000000,0.03984200,449.67673300,False,True
2020-08-03 22:05:02,373314348,11286.74000000,0.00177600,20.04525024,False,True
2020-08-03 22:05:02,373314349,11286.73000000,0.00176800,19.95493864,False,True
2020-08-03 22:05:02,373314350,11286.73000000,0.00149600,16.88494808,False,True
2020-08-03 22:05:02,373314351,11286.73000000,0.03266100,368.63588853,False,True
2020-08-03 22:05:03,373314352,11286.73000000,0.02271900,256.42321887,False,True
2020-08-03 22:05:03,373314353,11286.73000000,0.00540000,60.94834200,False,True
2020-08-03 22:05:03,373314354,11286.68000000,0.00741700,83.71330556,True,True
2020-08-03 22:05:03,373314355,11285.34000000,0.07258500,819.14640390,True,True
2020-08-03 22:05:03,373314356,11285.35000000,0.20000000,2257.07000000,False,True
2020-08-03 22:05:03,373314357,11285.35000000,1.02433000,11559.92256550,False,True
2020-08-03 22:05:03,373314358,11285.35000000,0.12033800,1358.05644830,False,True
2020-08-03 22:05:03,373314359,11285.35000000,0.03100800,349.93613280,False,True
2020-08-03 22:05:03,373314360,11285.35000000,0.19606800,2212.69600380,False,True
2020-08-03 22:05:03,373314361,11286.02000000,0.00653400,73.74285468,False,True
2020-08-03 22:05:03,373314362,11286.60000000,0.01681600,189.79546560,False,True
2020-08-03 22:05:03,373314363,11285.38000000,0.00099200,11.19509696,False,True
2020-08-03 22:05:03,373314364,11285.59000000,0.00692100,78.10756839,False,True
2020-08-03 22:05:03,373314365,11285.59000000,0.00000700,0.07899913,False,True
2020-08-03 22:05:03,373314366,11286.60000000,0.00499300,56.35399380,False,True
2020-08-03 22:05:03,373314367,11286.58000000,0.00121900,13.75834102,False,True
2020-08-03 22:05:03,373314368,11285.98000000,0.00683500,77.13967330,True,True
2020-08-03 22:05:03,373314369,11285.38000000,0.10417000,1175.59803460,True,True
2020-08-03 22:05:03,373314370,11285.98000000,0.05746000,648.49241080,False,True
2020-08-03 22:05:03,373314371,11285.69000000,0.00298700,33.71035603,False,True
2020-08-03 22:05:03,373314372,11285.69000000,0.10444600,1178.74517774,False,True
2020-08-03 22:05:04,373314373,11285.69000000,0.08835100,997.10199719,False,True
2020-08-03 22:05:04,373314374,11285.69000000,0.00502600,56.72187794,False,True
2020-08-03 22:05:04,373314375,11285.68000000,0.00608500,68.67336280,True,True
2020-08-03 22:05:04,373314376,11285.68000000,0.00048000,5.41712640,True,True
2020-08-03 22:05:04,373314377,11285.68000000,0.04313200,486.77394976,True,True
2020-08-03 22:05:04,373314378,11285.34000000,0.01666000,188.01376440,True,True
2020-08-03 22:05:04,373314379,11285.51000000,0.00346100,39.05915011,False,True
2020-08-03 22:05:04,373314380,11285.51000000,0.00106000,11.96264060,False,True
2020-08-03 22:05:04,373314381,11285.51000000,0.00265500,29.96302905,False,True
2020-08-03 22:05:04,373314382,11285.51000000,0.00537400,60.64833074,False,True
2020-08-03 22:05:04,373314383,11285.50000000,0.00659700,74.45044350,True,True
2020-08-03 22:05:04,373314384,11285.50000000,0.00362400,40.89865200,True,True
2020-08-03 22:05:04,373314385,11285.50000000,0.00380300,42.91875650,True,True
2020-08-03 22:05:04,373314386,11285.50000000,0.00564200,63.67279100,True,True
2020-08-03 22:05:04,373314387,11285.50000000,0.00394200,44.48744100,True,True
2020-08-03 22:05:04,373314388,11285.50000000,0.00402600,45.43542300,True,True
2020-08-03 22:05:04,373314389,11285.38000000,0.03251400,366.93284532,True,True
2020-08-03 22:05:04,373314390,11285.39000000,0.00103300,11.65780787,False,True
2020-08-03 22:05:04,373314391,11285.38000000,0.00089500,10.10041510,True,True
2020-08-03 22:05:04,373314392,11285.39000000,0.08133700,917.91976643,False,True
2020-08-03 22:05:04,373314393,11285.38000000,0.03825800,431.75606804,True,True
2020-08-03 22:05:04,373314394,11285.39000000,0.00500000,56.42695000,False,True
2020-08-03 22:05:04,373314395,11285.38000000,0.00163500,18.45159630,True,True
2020-08-03 22:05:04,373314396,11285.38000000,0.01986000,224.12764680,True,True
2020-08-03 22:05:05,373314397,11285.51000000,0.06012500,678.54128875,True,True
2020-08-03 22:05:05,373314398,11285.52000000,0.00500000,56.42760000,False,True
2020-08-03 22:05:05,373314399,11285.52000000,0.00156700,17.68440984,False,True
2020-08-03 22:05:05,373314400,11285.51000000,0.35412300,3996.45865773,True,True
2020-08-03 22:05:05,373314401,11285.52000000,0.00011600,1.30912032,False,True
2020-08-03 22:05:05,373314402,11285.52000000,0.06216400,701.55306528,False,True
